<?xml version="1.0" encoding="UTF-8"?><record xmlns="http://www.loc.gov/MARC21/slim" xmlns:cinclude="http://apache.org/cocoon/include/1.0" xmlns:zs="http://www.loc.gov/zing/srw/">
  <leader>01056cz  a2200181n  4500</leader>
  <controlfield tag="001">no2008015148</controlfield>
  <controlfield tag="003">DLC</controlfield>
  <controlfield tag="005">20140925074608.0</controlfield>
  <controlfield tag="008">080125n| azannaabn          |b ana     c</controlfield>
  <datafield tag="010" ind1=" " ind2=" ">
    <subfield code="a">no2008015148</subfield>
  </datafield>
  <datafield tag="035" ind1=" " ind2=" ">
    <subfield code="a">(OCoLC)oca07643948</subfield>
  </datafield>
  <datafield tag="040" ind1=" " ind2=" ">
    <subfield code="a">NjP</subfield>
    <subfield code="b">eng</subfield>
    <subfield code="e">rda</subfield>
    <subfield code="c">NjP</subfield>
    <subfield code="d">DLC</subfield>
  </datafield>
  <datafield tag="110" ind1="2" ind2=" ">
    <subfield code="a">Anorthōtiko Komma Ergazomenou Laou (Cyprus).</subfield>
    <subfield code="b">Synedrio</subfield>
  </datafield>
  <datafield tag="410" ind1="2" ind2=" ">
    <subfield code="a">Anorthōtiko Komma Ergazomenou Laou (Cyprus).</subfield>
    <subfield code="b">Congress</subfield>
  </datafield>
  <datafield tag="410" ind1="2" ind2=" ">
    <subfield code="a">Ανορθωτικό Κόμμα Εργαζόμενου Λαού (Cyprus).</subfield>
    <subfield code="b">Συνέδριο</subfield>
  </datafield>
  <datafield tag="667" ind1=" " ind2=" ">
    <subfield code="a">Non-Latin script reference not evaluated.</subfield>
  </datafield>
  <datafield tag="670" ind1=" " ind2=" ">
    <subfield code="a">Our concept of socialism, 1990:</subfield>
    <subfield code="b">cover p. 1 (17th Congress of AKEL, Nicosia, 3-7 October 1990; 17. Synedrio AKEL [in Greek])</subfield>
  </datafield>
  <datafield tag="670" ind1=" " ind2=" ">
    <subfield code="a">Politikes Apophaseis kai Psēphismata Synedriōn tou Koummounistikou Kommatos Kyprou (KKK) kai tou Anorthōtikou Kommatos Ergazomenou Laou (AKEL), 2014:</subfield>
    <subfield code="b">t.p. (Ανορθωτικού Κόμματος Εργαζόμενου Λαού = Anorthōtikou Kommatos Ergazomenou Laou) p. 7 (Συνέδριο = Synedrio)</subfield>
  </datafield>
</record>